% !TeX encoding = UTF-8
% !TeX root = MAIN.tex
